<?xml version="1.0" encoding="UTF-8"?><record xmlns="http://www.loc.gov/MARC21/slim" xmlns:cinclude="http://apache.org/cocoon/include/1.0" xmlns:zs="http://www.loc.gov/zing/srw/">
  <leader>00465nz  a2200145n  4500</leader>
  <controlfield tag="001">no2011053031</controlfield>
  <controlfield tag="003">DLC</controlfield>
  <controlfield tag="005">20110406082556.0</controlfield>
  <controlfield tag="008">110404n| acannaabn          |a aaa     c</controlfield>
  <datafield tag="010" ind1=" " ind2=" ">
    <subfield code="a">no2011053031</subfield>
  </datafield>
  <datafield tag="035" ind1=" " ind2=" ">
    <subfield code="a">(OCoLC)oca08817457</subfield>
  </datafield>
  <datafield tag="040" ind1=" " ind2=" ">
    <subfield code="a">MX-SlUA</subfield>
    <subfield code="b">eng</subfield>
    <subfield code="c">MX-SlUA</subfield>
  </datafield>
  <datafield tag="100" ind1="1" ind2=" ">
    <subfield code="a">Castillo Pecina, Eduardo</subfield>
  </datafield>
  <datafield tag="400" ind1="1" ind2=" ">
    <subfield code="a">Pecina, Eduardo Castillo</subfield>
  </datafield>
  <datafield tag="670" ind1=" " ind2=" ">
    <subfield code="a">México, 2009:</subfield>
    <subfield code="b">t.p. (Eduardo Castillo Pecina; Universidad Autónoma de San Luis Potosí; Licenciado en Derecho)</subfield>
  </datafield>
</record>